%% Created using Papers on Tue, 25 Aug 2015.
%% http://papersapp.com/papers/

@incollection{Jordano:2009c,
author = {Jordano, P and V{\'a}zquez, D and Bascompte, J},
title = {{Redes complejas de interacciones planta---animal}},
booktitle = {Ecolog{\'\i}a y evoluci{\'o}n de interacciones planta-animal},
year = {2009},
editor = {Medel, R and Dirzo, R and Zamora, R},
pages = {17--41},
organization = {Ed. Universitaria, Chile},
publisher = {Editorial Universitaria},
address = {Santiago, Chile}
}

@article{GonzalezVaro:2014ij,
author = {Gonz{\'a}lez-Varo, Juan P and Arroyo, Juan M and Jordano, Pedro},
title = {{Who dispersed the seeds? The use of DNA barcoding in frugivory and seed dispersal studies}},
journal = {Methods in Ecology and Evolution},
year = {2014},
volume = {5},
number = {8},
pages = {806--814}
}

@article{Bosch:2009jga,
author = {Bosch, Jordi and Mart{\'\i}n Gonz{\'a}lez, Ana M and Rodrigo, Anselm and Navarro, David},
title = {{Plant-pollinator networks: adding the pollinator{\textquoteright}s perspective}},
journal = {Ecology Letters},
year = {2009},
volume = {12},
number = {5},
pages = {409--419},
month = may
}

@article{Martinez:1991aa,
author = {Martinez, Neo},
title = {{Artifacts or attributes? Effects of resolution on food-web patterns in Little Rock Lake food web}},
journal = {Ecological Monographs},
year = {1991},
volume = {61},
pages = {367--392}
}

@book{Bascompte:2014to,
author = {Bascompte, Jordi and Jordano, Pedro},
title = {{Mutualistic networks}},
publisher = {Princeton University Press},
year = {2014},
series = {Monographs in Population Biology, No. 53},
address = {Princeton, NJ}
}

@article{Coddington:2009fi,
author = {Coddington, Jonathan A and Agnarsson, Ingi and Miller, Jeremy A and Kuntner, Matja{\v z} and Hormiga, Gustavo},
title = {{Undersampling bias: the null hypothesis for singleton species in tropical arthropod surveys}},
journal = {Journal of Animal Ecology},
year = {2009},
volume = {78},
number = {3},
pages = {573--584},
month = may
}

@article{Gale:1995uy,
author = {Gale, William A and Sampson, Geoffrey},
title = {{Good-Turing frequency estimation without tears}},
journal = {Journal of Quantitative Linguistics},
year = {1995},
volume = {2},
pages = {217--237}
}

@article{Eklof:2013ed,
author = {Ekl{\"o}f, Anna and Jacob, Ute and Kopp, Jason and Bosch, Jordi and Castro-Urgal, Roc{\'\i}o and Chacoff, Natacha P and Dalsgaard, Bo and de Sassi, Claudio and Galetti, Mauro and Guimaraes, Paulo R and Lom{\'a}scolo, Silvia Beatriz and Mart{\'\i}n Gonz{\'a}lez, Ana M and Pizo, Marco Aur{\'e}lio and Rader, Romina and Rodrigo, Anselm and Tylianakis, Jason M and V\'azquez, Diego P and Allesina, Stefano},
title = {{The dimensionality of ecological networks}},
journal = {Ecology Letters},
year = {2013},
volume = {16},
pages = {577--583}
}

@article{Dorado:2011cf,
author = {Dorado, Jimena and V\'azquez, Diego P and Stevani, Erica L and Chacoff, Natacha P},
title = {{Rareness and specialization in plant-pollinator networks}},
journal = {Ecology},
year = {2011},
volume = {92},
number = {1},
pages = {19--25},
month = jan
}

@article{E2/813,
author = {Preston, F.W.},
title = {{The commonness, and rarity, of species}},
journal = {Ecology},
year = {1948},
volume = {29},
pages = {254--283}
}

@article{Vizentin-Bugoni:2014hc,
author = {Vizentin-Bugoni, J and Maruyama, P K and Sazima, M.},
title = {{Processes entangling interactions in communities: forbidden links are more important than abundance in a hummingbird-plant network}},
journal = {Proceedings of the Royal Society B-Biological Sciences},
year = {2014},
volume = {281},
number = {1780},
pages = {20132397},
month = feb
}

@article{Pereira:2013ji,
author = {Pereira, H M and Ferrier, S. and Walters, M and Geller, G N and Jongman, R H G and Scholes, R J and Bruford, M. W. and Brummitt, N and Butchart, S H M and Cardoso, A C and Coops, N.C. and Dulloo, E and Faith, D.P. and Freyhof, J. and Gregory, R. D. and Heip, C and Hoft, R and Hurtt, G and Jetz, W and Karp, D S and Mcgeoch, M.A. and Obura, D and Onoda, Y and Pettorelli, N and Reyers, B and Sayre, R and Scharlemann, J P W and Stuart, S.N. and Turak, E and Walpole, M and Wegmann, M},
title = {{Essential biodiversity variables}},
journal = {Science},
year = {2013},
volume = {339},
number = {6117},
pages = {277--278},
month = jan
}

@article{Schleuning:2012eg,
author = {Schleuning, Matthias and Frund, Jochen and Klein, Alexandra-Maria and Abrahamczyk, Stefan and Alarc{\'o}n, Ruben and Albrecht, Matthias and Andersson, Georg K S and Bazarian, Simone and B{\"o}hning-Gaese, Katrin and Bommarco, Riccardo and Dalsgaard, Bo and Dehling, D Matthias and Gotlieb, Ariella and Hagen, Melanie and Hickler, Thomas and Holzschuh, Andrea and Kaiser-Bunbury, Christopher N and Kreft, Holger and Morris, Rebecca J and Sandel, Brody and Sutherland, William J and Svenning, Jens-Christian and Tscharntke, Teja and Watts, Stella and Weiner, Christiane N and Werner, Michael and Williams, Neal M and Winqvist, Camilla and Dormann, Carsten F and Bl{\"u}thgen, Nico},
title = {{Specialization of mutualistic interaction networks decreases toward tropical latitudes.}},
journal = {Current Biology},
year = {2012},
volume = {22},
number = {20},
pages = {1925--1931},
month = oct
}

@article{Thebault:2010jv,
author = {Th{\'e}bault, Elisa and Fontaine, Colin},
title = {{Stability of ecological communities and the architecture of mutualistic and trophic networks.}},
journal = {Science},
year = {2010},
volume = {329},
number = {5993},
pages = {853--856},
month = aug
}

@article{E31/5591,
author = {Elberling, H and Olesen, J M},
title = {{The structure of a high latitude plant-flower visitor system: the dominance of flies}},
journal = {Ecography},
year = {1999},
volume = {22},
number = {3},
pages = {314--323},
annote = {0906-7590}
}

@article{Vazquez:2009p82,
author = {V\'azquez, Diego P and Chacoff, Natacha P and Cagnolo, Luciano},
title = {{Evaluating multiple determinants of the structure of plant-animal mutualistic networks}},
journal = {Ecology},
year = {2009},
volume = {90},
number = {8},
pages = {2039--2046},
month = jan
}

@article{Olesen:2002wb,
author = {Olesen, JM and Jordano, P},
title = {{Geographic patterns in plant-pollinator mutualistic networks}},
journal = {Ecology},
year = {2002},
volume = {83},
pages = {2416--2424},
month = jan
}

@article{Mao:2005tka,
author = {Mao, CX and Colwell, Robert K},
title = {{Estimation of species richness: mixture models, the role of rare species, and inferential challenges}},
journal = {Ecology},
year = {2005},
volume = {86},
pages = {1143--1153}
}

@article{Nielsen:2007,
author = {Nielsen, A and Bascompte, J},
title = {{Ecological networks, nestedness and sampling effort}},
journal = {Journal of Ecology},
year = {2007},
volume = {95},
pages = {1134{\textendash}1141--1141}
}

@article{Stumpf:2005tn,
author = {Stumpf, Michael P H and Wiuf, Carsten and May, Robert M},
title = {{Subnets of scale-free networks are not scale-free: Sampling properties of networks}},
journal = {Proceedings of the National Academy of Sciences USA},
year = {2005},
volume = {102},
pages = {4221--4224},
month = mar
}

@article{Vazquez:2015ec,
author = {V\'azquez, Diego P and Ramos-Jiliberto, Rodrigo and Urbani, Pasquinell and Valdovinos, Fernanda S},
title = {{A conceptual framework for studying the strength of plant-animal mutualistic interactions}},
journal = {Ecology Letters},
year = {2015},
volume = {18},
pages = {385--400}
}

@article{Dupont:2011aa,
author = {Dupont, Y L and Tr{\o}jelsgaard, K and Olesen, J M},
title = {{Scaling down from species to individuals: a flower{\textendash}visitation network between individual honeybees and thistle plants}},
journal = {Oikos},
year = {2011},
volume = {120},
number = {2},
pages = {170--177}
}

@article{Olesen:2011a,
author = {Olesen, Jens M and Bascompte, Jordi and Dupont, Yoko L and Elberling, Heidi and Jordano, Pedro},
title = {{Missing and forbidden links in mutualistic networks}},
journal = {Proceedings of the Royal Society B-Biological Sciences},
year = {2011},
volume = {278},
number = {1706},
pages = {725--732},
month = jan
}

@book{Snow:1988iu,
author = {Snow, BK and Snow, DW},
title = {{Birds and berries}},
year = {1988},
publisher = {Poyser},
address = {Calton, UK}
}

@book{Magurran:1988mm,
author = {Magurran, A.E.},
title = {{Ecological diversity and its measurement}},
publisher = {Princeton University Press},
year = {1988},
address = {Princeton, US}
}

@article{Chao:2012vk,
author = {Chao, Anne and Jost, Lou},
title = {{Coverage-based rarefaction and extrapolation: standardizing samples by completeness rather than size}},
journal = {Ecology},
year = {2012},
volume = {93},
number = {12},
pages = {2533--2547},
month = dec
}

@incollection{Jordano:2006aa,
author = {Jordano, P and Bascompte, J and Olesen, JM},
title = {{The ecological consequences of complex topology and nested structure in pollinatiion webs}},
booktitle = {Specialization and generalization in plant-pollinator interactions},
year = {2006},
editor = {Waser, Nickolas M and Ollerton, Jeff},
pages = {173--199},
publisher = {University of Chicago Press},
address = {Chicago, IL, USA}
}

@article{Pocock:2012ep,
author = {Pocock, Michael J O and Evans, Darren M and Memmott, Jane},
title = {{The Robustness and Restoration of a Network of Ecological Networks}},
journal = {Science},
year = {2012},
volume = {335},
number = {6071},
pages = {973--977},
month = feb
}

@article{Chao:2009wq,
author = {Chao, Anne and Colwell, Robert K and Lin, Chih-Wei and Gotelli, Nicholas J},
title = {{Sufficient sampling for asymptotic minimum species richness estimators}},
journal = {Ecology},
year = {2009},
volume = {90},
number = {4},
pages = {1125--1133},
month = jan
}

@article{Frund:2015ii,
author = {Frund, Jochen and McCann, Kevin S and Williams, Neal M},
title = {{Sampling bias is a challenge for quantifying specialization and network structure: lessons from a quantitative niche model}},
journal = {Oikos},
year = {2015},
pages = {n/a--n/a},
month = jul
}

@book{Cohen:1978,
author = {Cohen, J E},
title = {{Food webs and niche space}},
publisher = {Princeton University Press},
year = {1978},
address = {Princeton, New Jersey, US}
}

@article{Good:1953tn,
author = {Good, I J},
title = {{The population frequencies of species and the estimation of population parameters}},
journal = {Biometrika},
year = {1953},
volume = {40},
number = {3/4},
pages = {237--264}
}

@article{E31/2562,
author = {Jordano, P},
title = {{Patterns of mutualistic interactions in pollination and seed dispersal: connectance, dependence asymmetries, and coevolution}},
journal = {The American Naturalist},
year = {1987},
volume = {129},
pages = {657--677}
}

@article{Bluthgen:2010p9,
author = {Bl\"uthgen, N},
title = {{Why network analysis is often disconnected from community ecology: A critique and an ecologist{\textquoteright}s guide}},
journal = {Basic And Applied Ecology},
year = {2010},
volume = {11},
pages = {185--195},
month = jan
}

@article{Schupp:2010,
author = {Schupp, E.W. and Jordano, Pedro and Gomez, J M},
title = {{Seed dispersal effectiveness revisited: a conceptual review}},
journal = {New Phytologist},
year = {2010},
volume = {188},
pages = {333--353}
}

@article{Chacoff:2012,
author = {Chacoff, Natacha P and V\'azquez, Diego P and Lomascolo, Silvia B and Stevani, Erica L and Dorado, Jimena and Padr{\'o}n, Benigno},
title = {{Evaluating sampling completeness in a desert plant-pollinator network}},
journal = {Journal of Animal Ecology},
year = {2012},
volume = {81},
number = {1},
pages = {190--200},
month = jan
}

@article{E31.7324_PDF,
author = {Jordano, P and Bascompte, J and Olesen, JM},
title = {{Invariant properties in coevolutionary networks of plant-animal interactions}},
journal = {Ecology Letters},
year = {2003},
volume = {6},
pages = {69--81},
month = jan
}

@article{Canard:2012jy,
author = {Canard, Elsa and Mouquet, Nicolas and Marescot, Lucile and Gaston, Kevin J and Gravel, Dominique and Mouillot, David},
title = {{Emergence of structural patterns in neutral trophic networks}},
journal = {PLoS ONE},
year = {2012},
volume = {7},
number = {8},
pages = {e38295},
month = aug
}

@article{Colwell:2013kj,
author = {Colwell, Robert K},
title = {{EstimateS: Biodiversity Estimation}},
year = {2013},
journal = {-},
pages = {1--33}
}

@article{Olito:2014gc,
author = {Olito, Colin and Fox, Jeremy W},
title = {{Species traits and abundances predict metrics of plant-pollinator network structure, but not pairwise interactions}},
journal = {Oikos},
year = {2014},
volume = {124},
number = {4},
pages = {428--436},
month = sep
}

@article{Dormann:2009aa,
author = {Dormann, Carsten F and Frund, Jochen and Bl\"uthgen, Nico and Gruber, Bernd},
title = {{Indices, graphs and null models: Analyzing bipartite ecological networks}},
journal = {Open Ecology Journal},
year = {2009},
volume = {2},
pages = {7--24},
month = feb
}

@article{RiveraHutinel:2012vn,
author = {Rivera-Hutinel, A and Bustamante, R O and Mar{\'\i}n, V H and Medel, R},
title = {{Effects of sampling completeness on the structure of plant-pollinator networks.}},
journal = {Ecology},
year = {2012},
volume = {93},
number = {7},
pages = {1593--1603},
month = jul
}

@article{JuradoRivera:2009cp,
author = {Jurado-Rivera, J A and Vogler, A P and Reid, C A M and Petitpierre, E and Gomez-Zurita, J},
title = {{DNA barcoding insect-host plant associations}},
journal = {Proceedings of the Royal Society B-Biological Sciences},
year = {2009},
volume = {276},
number = {1657},
pages = {639--648},
month = feb
}

@article{Vazquez:2005,
author = {V\'azquez, DP and Morris, WF and Jordano, P},
title = {{Interaction frequency as a surrogate for the total effect of animal mutualists on plants}},
journal = {Ecology Letters},
year = {2005},
volume = {8},
pages = {1088--1094},
month = jan
}

@incollection{Colwell:2009gv,
author = {Colwell, Robert K},
title = {{Biodiversity: concepts, patterns, and measurement}},
booktitle = {The Princeton Guide to Ecology},
year = {2009},
editor = {Levin, Simon A},
pages = {257--263},
publisher = {Princeton University Press},
address = {Princeton}
}

@article{Strogatz:2001wc,
author = {Strogatz, SH},
title = {{Exploring complex networks}},
journal = {Nature},
year = {2001},
volume = {410},
number = {6825},
pages = {268--276},
month = jan
}

@article{Colwell:1994vt,
author = {Colwell, RK and Coddington, JA},
title = {{Estimating terrestrial biodiversity through extrapolation}},
journal = {Philosophical Transactions Of The Royal Society Of London Series B-Biological Sciences},
year = {1994},
volume = {345},
number = {1311},
pages = {101--118},
month = jan
}

@incollection{Gotelli:2011tb,
author = {Gotelli, Nicholas J and Colwell, Robert K},
title = {{Estimating species richness}},
booktitle = {Biological Diversity Frontiers in Measurement and Assessment},
year = {2011},
editor = {Magurran, Anne E and McGill, Brian J},
publisher = {Oxford University Press},
pages = {39--54},
address = {Oxford, UK}
}

@article{Gotelli:2001uo,
author = {Gotelli, NJ and Colwell, RK},
title = {{Quantifying biodiversity: procedures and pitfalls in the measurement and comparison of species richness}},
journal = {Ecology Letters},
year = {2001},
volume = {4},
pages = {379--391},
month = jan
}

@article{Bersier:2002p9371,
author = {Bersier, LF and Banasek-Richter, C and Cattin, MF},
title = {{Quantitative descriptors of food-web matrices}},
journal = {Ecology},
year = {2002},
volume = {83},
number = {9},
pages = {2394{\textendash}2407}
}

@article{Cohen:1993aa,
author = {Cohen, J E and Beaver, R. A. and Cousins, S. H. and DeAngelis, D. L. and Goldwasser, L. and Heong, K. L. and Holt, R. D. and Kohn, A. J. and Lawton, J. H. and Martinez, N and O'Malley, R and Page, L. M. and Patten, B. C. and Pimm, S. L. and Polis, G.A. and Rejmanek, M and Schoener, T W and Schenly, K and Sprules, W. G. and Teal, J. M. and Ulanowicz, R.E. and Warren, P. H. and Wilbur, H. M. and Yodis, P},
title = {{Improving food webs}},
journal = {Ecology},
year = {1993},
volume = {74},
pages = {252--258}
}

@article{Olesen:2008,
author = {Olesen, Jens M and Bascompte, Jordi and Elberling, Heidi and Jordano, Pedro},
title = {{Temporal dynamics in a pollination network}},
journal = {Ecology},
year = {2008},
volume = {89},
number = {6},
pages = {1573--1582},
month = jan
}

@article{Chao:2015tc,
author = {Chao, Anne and Hsieh, T C and Chazdon, Robin L and Colwell, Robert K and Gotelli, Nicholas J},
title = {{Unveiling the species-rank abundance distribution by generalizing the Good-Turing sample coverage theory.}},
journal = {Ecology},
year = {2015},
volume = {96},
number = {5},
pages = {1189--1201},
month = may
}

@article{Colwell:2012fc,
author = {Colwell, Robert K and Dunn, Robert R and Harris, Nyeema C},
title = {{Coextinction and persistence of dependent species in a changing world}},
journal = {Annual Review of Ecology Evolution and Systematics},
year = {2012},
volume = {43},
number = {1},
pages = {183--203},
month = dec
}

@article{Ollerton:2002jw,
author = {Ollerton, J and Cranmer, L},
title = {{Latitudinal trends in plant-pollinator interactions: are tropical plants more specialised?}},
journal = {Oikos},
year = {2002},
volume = {98},
pages = {340--350}
}

@article{Gibson:2011eh,
author = {Gibson, Rachel H and Knott, Ben and Eberlein, Tim and Memmott, Jane},
title = {{Sampling method influences the structure of plant{\textendash}pollinator networks}},
journal = {Oikos},
year = {2011},
volume = {120},
number = {6},
pages = {822--831}
}

@article{E31.616,
author = {Snow, B.K. and Snow, D.W.},
title = {{Feeding niches of hummingbirds in a Trinidad valley}},
journal = {Journal of Animal Ecology},
year = {1972},
volume = {41},
pages = {471--485}
}

@article{ValienteBanuet:2014bw,
author = {Valiente-Banuet, Alfonso and Aizen, Marcelo A and Alc{\'a}ntara, Julio M and Arroyo, Juan and Cocucci, Andrea and Galetti, Mauro and Garc{\'\i}a, Mar{\'\i}a B and Garc{\'\i}a, Daniel and Gomez, Jose M and Jordano, Pedro and Medel, Rodrigo and Navarro, Luis and Obeso, Jos{\'e} R and Oviedo, Ramona and Ram{\'\i}rez, Nelson and Rey, Pedro J and Traveset, Anna and Verd{\'u}, Miguel and Zamora, Regino},
title = {{Beyond species loss: the extinction of ecological interactions in a changing world}},
journal = {Functional Ecology},
year = {2014},
volume = {29},
number = {3},
pages = {299--307},
month = nov
}

@article{Hortal:2006dc,
author = {Hortal, J and Borges, PAV and Gaspar, C},
title = {{Evaluating the performance of species richness estimators: sensitivity to sample grain size}},
journal = {Journal of Animal Ecology},
year = {2006},
volume = {75},
number = {1},
pages = {274--287},
month = jan
}

@article{Maruyama:2014gt,
author = {Maruyama, Pietro K and Vizentin-Bugoni, Jeferson and Oliveira, Genilda M and Oliveira, Paulo E and Dalsgaard, Bo},
title = {{Morphological and spatio-temporal mismatches shape a neotropical savanna plant-hummingbird network}},
journal = {Biotropica},
year = {2014},
volume = {46},
number = {6},
pages = {740--747},
month = oct
}

@incollection{Chao:2005wp,
author = {Chao, Anne},
title = {{Species richness estimation}},
booktitle = {Encyclopedia of Statistical Sciences},
year = {2005},
publisher = {Oxford University Press},
pages = {7909--7916},
address = {New York, USA}
}

@book{RCoreTeam:2010,
author = {{R Development Core Team}},
title = {{R: A language and environment for statistical computing}},
publisher = {R Foundation for Statistical Computing. Vienna, Austria. http://www.R-project.org},
year = {2010},
address = {Vienna, Austria},
annote = {ISBN 3-900051-07-0}
}

@article{Bunge:1993ux,
author = {Bunge, J and Fitzpatrick, M},
title = {{Estimating the number of species: a review}},
journal = {Journal of the American Statistical Association},
year = {1993},
volume = {88},
pages = {364--373}
}

@article{Ibanez:2012eu,
author = {Ibanez, S{\'e}bastien},
title = {{Optimizing size thresholds in a plant{\textendash}pollinator interaction web: towards a mechanistic understanding of ecological networks}},
journal = {Oecologia},
year = {2012},
volume = {170},
number = {1},
pages = {233--242},
month = mar
}

@article{More:2012kx,
author = {Mor{\'e}, Marcela and Amorim, Felipe W and Benitez-Vieyra, Santiago and Medina, A Martin and Sazima, Marlies and Cocucci, Andrea A},
title = {{Armament Imbalances: Match and Mismatch in Plant-Pollinator Traits of Highly Specialized Long-Spurred Orchids}},
journal = {PLoS ONE},
year = {2012},
volume = {7},
number = {7},
pages = {e41878},
month = jul
}

@article{BanasekRichter:2004ik,
author = {Banasek-Richter, C and Cattin, MF and Bersier, LF},
title = {{Sampling effects and the robustness of quantitative and qualitative food-web descriptors}},
journal = {Journal of Theoretical Biology},
year = {2004},
volume = {226},
pages = {23--32},
month = jan
}

@article{Stang:2009cx,
author = {Stang, M and Klinkhamer, P.G.L. and Waser, N. M. and Stang, I and van der Meijden, E},
title = {{Size-specific interaction patterns and size matching in a plant-pollinator interaction web}},
journal = {Annals Of Botany},
year = {2009},
volume = {103},
number = {9},
pages = {1459--1469},
month = may
}

@article{Martinez:1993ti,
author = {Martinez, N. D.},
title = {{Effects of resolution on food web structure}},
journal = {Oikos},
year = {1993},
volume = {66},
pages = {403--412}
}

@article{Dupont:2014ex,
author = {Dupont, Yoko L and Tr{\o}jelsgaard, Kristian and Hagen, Melanie and Henriksen, Marie V and Olesen, Jens M and Pedersen, Nanna M E and Kissling, W Daniel},
title = {{Spatial structure of an individual-based plant-pollinator network}},
journal = {Oikos},
year = {2014},
volume = {123},
number = {11},
pages = {1301--1310},
month = may
}

@article{Brose:2003wv,
author = {Brose, U and Martinez, ND and Williams, RJ},
title = {{Estimating species richness: Sensitivity to sample coverage and insensitivity to spatial patterns}},
journal = {Ecology},
year = {2003},
volume = {84},
number = {9},
pages = {2364--2377},
month = jan
}

